<?xml version="1.0" encoding="UTF-8"?>
<marc:collection xmlns:marc="http://www.loc.gov/MARC21/slim" xmlns:xsi="http://www.w3.org/2001/XMLSchema-instance" xsi:schemaLocation="http://www.loc.gov/MARC21/slim http://www.loc.gov/standards/marcxml/schema/MARC21slim.xsd">
   <marc:record type="Bibliographic">
      <marc:leader>01813cam a2200433 a 4500</marc:leader>
      <marc:controlfield tag="001">454804</marc:controlfield>
      <marc:controlfield tag="003">NjP</marc:controlfield>
      <marc:controlfield tag="005">20130516092141.0</marc:controlfield>
      <marc:controlfield tag="008">880714m19869999ir       b    000 0 ara d</marc:controlfield>
      <marc:datafield tag="024" ind1="7" ind2=" ">
         <marc:subfield code="a">princeton_aco000621</marc:subfield>
         <marc:subfield code="2">local</marc:subfield>
      </marc:datafield>
      <marc:datafield tag="035" ind1=" " ind2=" ">
         <marc:subfield code="a">(OCoLC)ocn175376915</marc:subfield>
      </marc:datafield>
      <marc:datafield tag="040" ind1=" " ind2=" ">
         <marc:subfield code="a">NjP</marc:subfield>
         <marc:subfield code="c">PUL</marc:subfield>
         <marc:subfield code="d">PUL</marc:subfield>
      </marc:datafield>
      <marc:datafield tag="035" ind1=" " ind2=" ">
         <marc:subfield code="a">(OCoLC)175376915</marc:subfield>
      </marc:datafield>
      <marc:datafield tag="035" ind1=" " ind2=" ">
         <marc:subfield code="a">(CStRLIN)NJPG88-B34929</marc:subfield>
      </marc:datafield>
      <marc:datafield tag="035" ind1=" " ind2=" ">
         <marc:subfield code="9">ACD0449TS</marc:subfield>
      </marc:datafield>
      <marc:datafield tag="035" ind1=" " ind2=" ">
         <marc:subfield code="a">(NjP)454804</marc:subfield>
      </marc:datafield>
      <marc:datafield tag="041" ind1="0" ind2=" ">
         <marc:subfield code="a">araper</marc:subfield>
      </marc:datafield>
      <marc:datafield tag="079" ind1=" " ind2=" ">
         <marc:subfield code="a">ocm25829436</marc:subfield>
      </marc:datafield>
      <marc:datafield tag="049" ind1=" " ind2=" ">
         <marc:subfield code="a">PULL</marc:subfield>
      </marc:datafield>
      <marc:datafield tag="100" ind1="1" ind2=" ">
         <marc:subfield code="6">880-01</marc:subfield>
         <marc:subfield code="a">Lawkarī, Faḍl ibn Muḥammad,</marc:subfield>
         <marc:subfield code="d">-1123 or 1124.</marc:subfield>
      </marc:datafield>
      <marc:datafield tag="245" ind1="1" ind2="0">
         <marc:subfield code="6">880-02</marc:subfield>
         <marc:subfield code="a">Bayān al-ḥaqq bi-ḍamān al-ṣidq :</marc:subfield>
         <marc:subfield code="b">al-manṭiq /</marc:subfield>
         <marc:subfield code="c">lil-faylasūf Abī al-ʻAbbās Faḍl ibn Muḥammad al-Lawkarī ; ḥaqqaqahu wa-qaddama ʻalayhi Ibrāhīm Dībājī.</marc:subfield>
      </marc:datafield>
      <marc:datafield tag="246" ind1="1" ind2=" ">
         <marc:subfield code="a">Bayânu al-ḥaqq biḍimâni al-c̣idq</marc:subfield>
      </marc:datafield>
      <marc:datafield tag="250" ind1=" " ind2=" ">
         <marc:subfield code="a">Chāp-i 1.</marc:subfield>
      </marc:datafield>
      <marc:datafield tag="260" ind1=" " ind2=" ">
         <marc:subfield code="a">Ṭihrān :</marc:subfield>
         <marc:subfield code="b">Muʼassasah-i Intishārāt-i Amīr Kabīr,</marc:subfield>
         <marc:subfield code="c">1364- [1986- ]</marc:subfield>
      </marc:datafield>
      <marc:datafield tag="300" ind1=" " ind2=" ">
         <marc:subfield code="a">v. ;</marc:subfield>
         <marc:subfield code="c">23 cm.</marc:subfield>
      </marc:datafield>
      <marc:datafield tag="490" ind1="0" ind2=" ">
         <marc:subfield code="a">Majmūʻah-i andishah-i Islāmī</marc:subfield>
      </marc:datafield>
      <marc:datafield tag="500" ind1=" " ind2=" ">
         <marc:subfield code="a">Introd. also in Persian.</marc:subfield>
      </marc:datafield>
      <marc:datafield tag="500" ind1=" " ind2=" ">
         <marc:subfield code="a">Title on p. [4] of cover: Bayânu al-ḥaqq biḍimâni al-c̣idq.</marc:subfield>
      </marc:datafield>
      <marc:datafield tag="505" ind1="1" ind2=" ">
         <marc:subfield code="a">1. al-Madkhal.</marc:subfield>
      </marc:datafield>
      <marc:datafield tag="504" ind1=" " ind2=" ">
         <marc:subfield code="a">Includes bibliographical references (p. [233]-239).</marc:subfield>
      </marc:datafield>
      <marc:datafield tag="650" ind1=" " ind2="0">
         <marc:subfield code="a">Islamic philosophy.</marc:subfield>
      </marc:datafield>
      <marc:datafield tag="650" ind1=" " ind2="0">
         <marc:subfield code="a">Logic.</marc:subfield>
      </marc:datafield>
      <marc:datafield tag="700" ind1="1" ind2=" ">
         <marc:subfield code="6">880-03</marc:subfield>
         <marc:subfield code="a">Dībājī, Ibrāhīm.</marc:subfield>
      </marc:datafield>
      <marc:datafield tag="880" ind1="1" ind2=" ">
         <marc:subfield code="6">100-01/r</marc:subfield>
         <marc:subfield code="a">لوكري، فضل بن محمد،</marc:subfield>
         <marc:subfield code="d">-1123 or 1124.</marc:subfield>
      </marc:datafield>
      <marc:datafield tag="880" ind1="1" ind2="0">
         <marc:subfield code="6">245-02/r</marc:subfield>
         <marc:subfield code="a">بيان الحق بضمان الصدق :</marc:subfield>
         <marc:subfield code="b">المنطق /</marc:subfield>
         <marc:subfield code="c">للفيلسوف ابي العباس فضل بن محمد اللوكري ؛ حققه وقدم عليه ابراهيم ديباجي.</marc:subfield>
      </marc:datafield>
      <marc:datafield tag="880" ind1="1" ind2=" ">
         <marc:subfield code="6">700-03/r</marc:subfield>
         <marc:subfield code="a">ديباجي، ابراهيم.</marc:subfield>
      </marc:datafield>
      <marc:datafield tag="998" ind1=" " ind2=" ">
         <marc:subfield code="a">05/06/92</marc:subfield>
         <marc:subfield code="s">9118</marc:subfield>
         <marc:subfield code="n">NjP</marc:subfield>
         <marc:subfield code="w">NJPG88B34929</marc:subfield>
         <marc:subfield code="d">07/14/88</marc:subfield>
         <marc:subfield code="c">JEB</marc:subfield>
         <marc:subfield code="b">JEB</marc:subfield>
         <marc:subfield code="i">920506</marc:subfield>
         <marc:subfield code="l">NJPG</marc:subfield>
      </marc:datafield>
      <marc:datafield tag="911" ind1=" " ind2=" ">
         <marc:subfield code="a">19921028</marc:subfield>
      </marc:datafield>
      <marc:datafield tag="912" ind1=" " ind2=" ">
         <marc:subfield code="a">19960305034732.0</marc:subfield>
      </marc:datafield>
      <marc:datafield tag="994" ind1=" " ind2=" ">
         <marc:subfield code="a">C0</marc:subfield>
         <marc:subfield code="b">PUL</marc:subfield>
      </marc:datafield>
      <marc:datafield tag="999" ind1=" " ind2=" ">
         <marc:subfield code="a">454804</marc:subfield>
      </marc:datafield>
   </marc:record>
</marc:collection>
